@misc{plecture2,
	author = {M.~T.~Boulet},
	title = {{RACECAR}: Rapid Autonomous Complex-Environment Competing Ackermann-steering Robot},
	month = {July},
	year = {2016},
	howpublished = {\url{http://peris.mit.edu/racecar/lectures/2015/Lecture2.pdf}}
}

@misc{vs-handout,
	title = {Friday Challenge: Make the correct turn},
	howpublished = {MIT Lincoln Laboratory Beaver Works},
	year = {2016},
	month = {July}
}

@misc{5,
	note = {IEEE Transactions \LaTeX and Microsoft Word Style Files},
	howpublished = {\url{http://www.ieee.org/web/publications/authors/transjnl/index.html}}
}
